@article{brandt:local,
    author      = "A. Brandt and B. Moran and K. Nepal and F. Pfender and D. Sigler",
    title       = "Local Gap Colorings from Edge Labelings",
    journal     = "Australasian Journal of Combinatorics",
    volume      = "65(3)",
    year        = "2016"
}

@article{butler:forest,
    author      = "Z. Berikkyzy and S. Butler and J. Cummings and K. Heysse and P. Horn and R. Luo and B. Moran",
    title       = "A Forest Building Process on Simple Graphs",
    journal     = "Discrete Mathematics",
    volume      = "341(2)",
    year        = "2018"
}


article{ferrara:ramseyus,
    author      = "M. Ferrara and B. Moran and M. Mowrey",
    title       = "Ramsey-Minimal Saturation Numbers for Families of Stars",
    journal     = "In Progress"
}
